@inproceedings{opennmt,
  author          = {Guillaume Klein and
               Yoon Kim and
               Yuntian Deng and
               Jean Senellart and
               Alexander M. Rush},
  title           = {OpenNMT: Open-Source Toolkit for Neural Machine Translation},
  booktitle       = {Proc. ACL},
  url             = {https://doi.org/10.18653/v1/P17-4012},
  year            = {2017}
}
@article{devlin2018bert,
  title={Bert: Pre-training of deep bidirectional transformers for language understanding},
  author={Devlin, Jacob and Chang, Ming-Wei and Lee, Kenton and Toutanova, Kristina},
  journal={arXiv preprint arXiv:1810.04805},
  year={2018}
}
@misc{vadercode,
   title={VADER Source Code},
   author={Hutto, C.J. \& Gilbert, E.E.},
   date={2014},
   url={https://github.com/cjhutto/vaderSentiment},
}
@article{vader,
  author          = {Hutto, C.J. & Gilbert, E.E.},
  title           = {VADER: A Parsimonious Rule-based Model for Sentiment Analysis of Social Media Text.},
  journal         = {Eighth International Conference on Weblogs and Social Media (ICWSM-14)},
  year            = {2014}
}
